@book{book_MHD,
	address={Cambridge, UK},
	title={Magnetohydrodynamics of Laboratory and Astrophysical Plasmas},
	DOI={10.1017/9781316403679},
	publisher={Cambridge University Press},
	author={Goedbloed, Hans and Keppens, Rony and Poedts, Stefaan},
	year={2019},
}
@article{goedbloed2018,
	author = {{Goedbloed}, J.~P.},
	title = "{The Spectral Web of stationary plasma equilibria. II. Internal modes}",
	journal = {Physics of Plasmas},
	year = 2018,
	month = mar,
	volume = {25},
	number = {3},
	eid = {032110},
	pages = {032110},
	doi = {10.1063/1.5019838},
	adsurl = {https://ui.adsabs.harvard.edu/abs/2018PhPl...25c2110G},
	adsnote = {Provided by the SAO/NASA Astrophysics Data System}
}